<?xml version = "1.0" encoding = "UTF-8"?><record>
  <leader>01415nam#a2200385#c#4500</leader>
  <controlfield tag="005">20210409065517.0</controlfield>
  <controlfield tag="007">tu</controlfield>
  <controlfield tag="008">130826|2014####gw############|||#|#ger#c</controlfield>
  <controlfield tag="003">DE-605</controlfield>
  <controlfield tag="001">990198121410206441</controlfield>
  <datafield tag="015" ind1=" " ind2=" ">
    <subfield code="a">13,N33</subfield>
    <subfield code="2">dnb</subfield>
  </datafield>
  <datafield tag="016" ind1="7" ind2=" ">
    <subfield code="a">868050394</subfield>
    <subfield code="2">OCoLC</subfield>
  </datafield>
  <datafield tag="016" ind1="7" ind2=" ">
    <subfield code="a">1037928636</subfield>
    <subfield code="2">DE-101b</subfield>
  </datafield>
  <datafield tag="020" ind1=" " ind2=" ">
    <subfield code="a">9783829310864</subfield>
    <subfield code="c">Kart. : EUR 32.00 (DE), EUR 32.90 (AT), sfr 42.90 (freier Pr.)</subfield>
    <subfield code="9">978-3-8293-1086-4</subfield>
    <subfield code="0">(uri) http://www.isbnsearch.org/isbn/9783829310864</subfield>
  </datafield>
  <datafield tag="024" ind1="3" ind2=" ">
    <subfield code="a">9783829310864</subfield>
    <subfield code="0">(uri) http://www.isbnsearch.org/isbn/9783829310864</subfield>
  </datafield>
  <datafield tag="035" ind1=" " ind2=" ">
    <subfield code="a">(DE-605)HT017749491</subfield>
  </datafield>
  <datafield tag="040" ind1=" " ind2=" ">
    <subfield code="a">61</subfield>
    <subfield code="b">ger</subfield>
    <subfield code="c">DNB</subfield>
    <subfield code="d">708</subfield>
    <subfield code="e">rakddb</subfield>
  </datafield>
  <datafield tag="041" ind1=" " ind2=" ">
    <subfield code="a">ger</subfield>
  </datafield>
  <datafield tag="044" ind1=" " ind2=" ">
    <subfield code="c">XA-DE-HE</subfield>
  </datafield>
  <datafield tag="084" ind1=" " ind2=" ">
    <subfield code="a">Nordrhein-Westfalen</subfield>
    <subfield code="0">https://nwbib.de/spatial#N01</subfield>
    <subfield code="2">nwbib</subfield>
  </datafield>
  <datafield tag="084" ind1=" " ind2=" ">
    <subfield code="a">Ordnungsrecht</subfield>
    <subfield code="0">https://nwbib.de/subjects#N428020</subfield>
    <subfield code="2">nwbib</subfield>
  </datafield>
  <datafield tag="100" ind1="1" ind2=" ">
    <subfield code="a">Haurand, G&#252;nter</subfield>
    <subfield code="4">aut</subfield>
  </datafield>
  <datafield tag="245" ind1="1" ind2="0">
    <subfield code="a">Landeshundegesetz Nordrhein-Westfalen</subfield>
    <subfield code="b">(LHundG NRW) ; Kommentar</subfield>
    <subfield code="c">von G&#252;nter Haurand</subfield>
  </datafield>
  <datafield tag="250" ind1=" " ind2=" ">
    <subfield code="a">6. Aufl.</subfield>
  </datafield>
  <datafield tag="264" ind1=" " ind2="1">
    <subfield code="a">Wiesbaden</subfield>
    <subfield code="b">Kommunal- und Schul-Verl.</subfield>
    <subfield code="c">2014</subfield>
  </datafield>
  <datafield tag="300" ind1=" " ind2=" ">
    <subfield code="a">278 S.</subfield>
  </datafield>
  <datafield tag="655" ind1=" " ind2="7">
    <subfield code="a">Kommentar</subfield>
    <subfield code="0">(DE-588)4136710-8</subfield>
    <subfield code="2">gnd-content</subfield>
  </datafield>
  <datafield tag="689" ind1="0" ind2="0">
    <subfield code="a">Nordrhein-Westfalen</subfield>
    <subfield code="t">Landeshundegesetz</subfield>
    <subfield code="D">b</subfield>
    <subfield code="0">(DE-588)4756230-4</subfield>
    <subfield code="0">(uri) https://portal.dnb.de/opac.htm?method=simpleSearch&amp;cqlMode=true&amp;query=idn=969348738</subfield>
    <subfield code="0">(uri) http://viaf.org/viaf/sourceID/DNB|969348738</subfield>
    <subfield code="B">GND-969348738</subfield>
  </datafield>
  <datafield tag="856" ind1="4" ind2="2">
    <subfield code="m">B:DE-101</subfield>
    <subfield code="q">application/pdf</subfield>
    <subfield code="u">http://digitale-objekte.hbz-nrw.de/storage/2014/01/18/file_29/5451567.pdf</subfield>
    <subfield code="3">Inhaltsverzeichnis</subfield>
    <subfield code="9">O:PKN</subfield>
  </datafield>
  <datafield tag="960" ind1="1" ind2=" ">
    <subfield code="n">NWBib-61</subfield>
  </datafield>
  <datafield tag="964" ind1="0" ind2="s">
    <subfield code="F">030</subfield>
    <subfield code="A">a||da||||||17</subfield>
  </datafield>
  <datafield tag="964" ind1="0" ind2="s">
    <subfield code="F">050</subfield>
    <subfield code="A">a|a|||||||||||</subfield>
  </datafield>
  <datafield tag="964" ind1="0" ind2="s">
    <subfield code="F">051</subfield>
    <subfield code="A">m|||||||</subfield>
  </datafield>
  <datafield tag="035" ind1=" " ind2=" ">
    <subfield code="a">(OCoLC)868050394</subfield>
    <subfield code="0">(uri) http://www.worldcat.org/oclc/868050394</subfield>
  </datafield>
  <datafield tag="035" ind1=" " ind2=" ">
    <subfield code="a">(DE-599)DNB1037928636</subfield>
  </datafield>
  <datafield tag="MBD" ind1=" " ind2=" ">
    <subfield code="M">49HBZ_NETWORK</subfield>
    <subfield code="i">990198121410206441</subfield>
    <subfield code="n">HBZ Network</subfield>
  </datafield>
  <datafield tag="MBD" ind1=" " ind2=" ">
    <subfield code="M">49HBZ_DUE</subfield>
    <subfield code="i">990028899670206443</subfield>
    <subfield code="n">ULB D&#252;sseldorf</subfield>
  </datafield>
  <datafield tag="020" ind1=" " ind2=" ">
    <subfield code="a">9783829310864</subfield>
    <subfield code="c">Kart. : EUR 32.00 (DE), EUR 32.90 (AT), sfr 42.90 (freier Pr.)</subfield>
    <subfield code="9">978-3-8293-1086-4</subfield>
    <subfield code="M">49HBZ_DUE</subfield>
  </datafield>
  <datafield tag="856" ind1="4" ind2="2">
    <subfield code="m">B:DE-101</subfield>
    <subfield code="q">application/pdf</subfield>
    <subfield code="u">http://digitale-objekte.hbz-nrw.de/storage/2014/01/18/file_29/5451567.pdf</subfield>
    <subfield code="3">Inhaltsverzeichnis</subfield>
    <subfield code="9">O:PKN</subfield>
    <subfield code="M">49HBZ_DUE</subfield>
  </datafield>
  <datafield tag="983" ind1=" " ind2=" ">
    <subfield code="a">juru208</subfield>
    <subfield code="9">LOCAL</subfield>
    <subfield code="M">49HBZ_DUE</subfield>
  </datafield>
  <datafield tag="996" ind1=" " ind2=" ">
    <subfield code="g">Nordrhein-Westfalen</subfield>
    <subfield code="0">(DE-588)4042570-8</subfield>
    <subfield code="9">LOCAL</subfield>
    <subfield code="M">49HBZ_DUE</subfield>
  </datafield>
  <datafield tag="996" ind1=" " ind2=" ">
    <subfield code="k">Nordrhein-Westfalen</subfield>
    <subfield code="t">Landeshundegesetz</subfield>
    <subfield code="0">(DE-588)4756230-4</subfield>
    <subfield code="9">LOCAL</subfield>
    <subfield code="M">49HBZ_DUE</subfield>
  </datafield>
  <datafield tag="996" ind1=" " ind2=" ">
    <subfield code="s">Kommentar</subfield>
    <subfield code="0">(DE-588)4136710-8</subfield>
    <subfield code="9">LOCAL</subfield>
    <subfield code="M">49HBZ_DUE</subfield>
  </datafield>
  <datafield tag="996" ind1=" " ind2=" ">
    <subfield code="a">Landeshundegesetz Nordrhein-Westfalen</subfield>
    <subfield code="9">LOCAL</subfield>
    <subfield code="M">49HBZ_DUE</subfield>
  </datafield>
  <datafield tag="996" ind1=" " ind2=" ">
    <subfield code="a">Nordrhein</subfield>
    <subfield code="9">LOCAL</subfield>
    <subfield code="M">49HBZ_DUE</subfield>
  </datafield>
  <datafield tag="MNG" ind1=" " ind2=" ">
    <subfield code="c">System</subfield>
    <subfield code="f">ILS</subfield>
    <subfield code="i">marc21</subfield>
    <subfield code="k">01</subfield>
    <subfield code="e">false</subfield>
    <subfield code="d">2021-04-09 06:55:17 Europe/Berlin</subfield>
    <subfield code="g">019812141-HBZ01</subfield>
    <subfield code="j">60</subfield>
    <subfield code="a">import</subfield>
    <subfield code="b">2021-04-06 02:59:36 Europe/Berlin</subfield>
  </datafield>
  <datafield tag="H52" ind1="8" ind2=" ">
    <subfield code="b">X0081</subfield>
    <subfield code="c">81P</subfield>
    <subfield code="h">juru208.h375</subfield>
    <subfield code="8">22277622310006443</subfield>
  </datafield>
  <datafield tag="HOL" ind1=" " ind2=" ">
    <subfield code="b">2021-04-01 11:02:19</subfield>
    <subfield code="8">22277622310006443</subfield>
    <subfield code="M">49HBZ_DUE</subfield>
    <subfield code="g">false</subfield>
    <subfield code="a">import</subfield>
  </datafield>
  <datafield tag="ITM" ind1=" " ind2=" ">
    <subfield code="H">22277622310006443</subfield>
    <subfield code="x">81P</subfield>
    <subfield code="f">BOOK</subfield>
    <subfield code="v">81P</subfield>
    <subfield code="p">32</subfield>
    <subfield code="X">System</subfield>
    <subfield code="U">2013-08-26 10:59:00</subfield>
    <subfield code="Y">2021-04-01 11:02:51</subfield>
    <subfield code="h">false</subfield>
    <subfield code="P">16/d/n/1</subfield>
    <subfield code="M">49HBZ_DUE</subfield>
    <subfield code="s">1</subfield>
    <subfield code="d">8</subfield>
    <subfield code="V">import</subfield>
    <subfield code="b">128532801</subfield>
    <subfield code="a">23277622300006443</subfield>
    <subfield code="R">Maintenance count: 001</subfield>
    <subfield code="c">juru208.h375</subfield>
    <subfield code="S">FB13-1144</subfield>
    <subfield code="D">20140108</subfield>
    <subfield code="W">2021-04-01 11:02:19</subfield>
    <subfield code="u">X0081</subfield>
    <subfield code="w">X0081</subfield>
  </datafield>
  <datafield tag="GKT" ind1="1" ind2=" ">
    <subfield code="a">Nordrhein-Westfalen</subfield>
    <subfield code="t">Hundegesetz fu&#776;r das Land Nordrhein-Westfalen</subfield>
    <subfield code="A">GND</subfield>
    <subfield code="B">GND-969348738</subfield>
    <subfield code="C">410</subfield>
  </datafield>
  <datafield tag="GKT" ind1="1" ind2=" ">
    <subfield code="a">Nordrhein-Westfalen</subfield>
    <subfield code="t">LandHundG</subfield>
    <subfield code="4">abku</subfield>
    <subfield code="4">http://d-nb.info/standards/elementset/gnd#abbreviatedNameForTheWork</subfield>
    <subfield code="w">r</subfield>
    <subfield code="i">Abkuerzung</subfield>
    <subfield code="A">GND</subfield>
    <subfield code="B">GND-969348738</subfield>
    <subfield code="C">410</subfield>
  </datafield>
  <datafield tag="GSI" ind1="7" ind2=" ">
    <subfield code="a">http://d-nb.info/gnd/4756230-4</subfield>
    <subfield code="2">uri</subfield>
    <subfield code="A">GND</subfield>
    <subfield code="B">GND-969348738</subfield>
    <subfield code="C">024</subfield>
  </datafield>
</record>